% Bibliography File
% Insert your References here!

@article{google2019supremacy,
title	= {Quantum Supremacy using a Programmable Superconducting Processor},
author	= {Frank Arute and Kunal Arya and Ryan Babbush and Dave Bacon and Joseph Bardin and Rami Barends and Rupak Biswas and Sergio Boixo and Fernando Brandao and David Buell and Brian Burkett and Yu Chen and Jimmy Chen and Ben Chiaro and Roberto Collins and William Courtney and Andrew Dunsworth and Edward Farhi and Brooks Foxen and Austin Fowler and Craig Michael Gidney and Marissa Giustina and Rob Graff and Keith Guerin and Steve Habegger and Matthew Harrigan and Michael Hartmann and Alan Ho and Markus Rudolf Hoffmann and Trent Huang and Travis Humble and Sergei Isakov and Evan Jeffrey and Zhang Jiang and Dvir Kafri and Kostyantyn Kechedzhi and Julian Kelly and Paul Klimov and Sergey Knysh and Alexander Korotkov and Fedor Kostritsa and Dave Landhuis and Mike Lindmark and Erik Lucero and Dmitry Lyakh and Salvatore Mandrà and Jarrod Ryan McClean and Matthew McEwen and Anthony Megrant and Xiao Mi and Kristel Michielsen and Masoud Mohseni and Josh Mutus and Ofer Naaman and Matthew Neeley and Charles Neill and Murphy Yuezhen Niu and Eric Ostby and Andre Petukhov and John Platt and Chris Quintana and Eleanor G. Rieffel and Pedram Roushan and Nicholas Rubin and Daniel Sank and Kevin J. Satzinger and Vadim Smelyanskiy and Kevin Jeffery Sung and Matt Trevithick and Amit Vainsencher and Benjamin Villalonga and Ted White and Z. Jamie Yao and Ping Yeh and Adam Zalcman and Hartmut Neven and John Martinis},
year	= {2019},
URL	= {https://www.nature.com/articles/s41586-019-1666-5},
journal	= {Nature},
pages	= {505–510},
volume	= {574}
}

@misc{jnsson2018neuralnetwork,
    title={Neural-network states for the classical simulation of quantum computing},
    author={Bjarni Jónsson and Bela Bauer and Giuseppe Carleo},
    year={2018},
    eprint={1808.05232},
    archivePrefix={arXiv},
    primaryClass={quant-ph}
}

@article{feynman1999simulating,
  title={Simulating physics with computers},
  author={Feynman, Richard P},
  journal={Int. J. Theor. Phys},
  volume={21},
  number={6/7},
  year={1999}
}

@article{lloyd1996universal,
  title={Universal quantum simulators},
  author={Lloyd, Seth},
  journal={Science},
  pages={1073--1078},
  year={1996},
  publisher={JSTOR}
}

@article{shor1999polynomial,
  title={Polynomial-time algorithms for prime factorization and discrete logarithms on a quantum computer},
  author={Shor, Peter W},
  journal={SIAM review},
  volume={41},
  number={2},
  pages={303--332},
  year={1999},
  publisher={SIAM}
}

@article{boixo2018characterizing,
  title={Characterizing quantum supremacy in near-term devices},
  author={Boixo, Sergio and Isakov, Sergei V and Smelyanskiy, Vadim N and Babbush, Ryan and Ding, Nan and Jiang, Zhang and Bremner, Michael J and Martinis, John M and Neven, Hartmut},
  journal={Nature Physics},
  volume={14},
  number={6},
  pages={595--600},
  year={2018},
  publisher={Nature Publishing Group}
}

@misc{preskill2012quantum,
    title={Quantum computing and the entanglement frontier},
    author={John Preskill},
    year={2012},
    eprint={1203.5813},
    archivePrefix={arXiv},
    primaryClass={quant-ph}
}

@article{HAFFNER_2008,
   title={Quantum computing with trapped ions},
   volume={469},
   ISSN={0370-1573},
   url={http://dx.doi.org/10.1016/j.physrep.2008.09.003},
   DOI={10.1016/j.physrep.2008.09.003},
   number={4},
   journal={Physics Reports},
   publisher={Elsevier BV},
   author={HAFFNER, H and ROOS, C and BLATT, R},
   year={2008},
   month={Dec},
   pages={155–203}
}

@article{You_2011,
   title={Atomic physics and quantum optics using superconducting circuits},
   volume={474},
   ISSN={1476-4687},
   url={http://dx.doi.org/10.1038/nature10122},
   DOI={10.1038/nature10122},
   number={7353},
   journal={Nature},
   publisher={Springer Science and Business Media LLC},
   author={You, J. Q. and Nori, Franco},
   year={2011},
   month={Jun},
   pages={589–597}
}

@misc{aaronson2010computational,
    title={The Computational Complexity of Linear Optics},
    author={Scott Aaronson and Alex Arkhipov},
    year={2010},
    eprint={1011.3245},
    archivePrefix={arXiv},
    primaryClass={quant-ph}
}

@article{Bremner_2016,
   title={Average-Case Complexity Versus Approximate Simulation of Commuting Quantum Computations},
   volume={117},
   ISSN={1079-7114},
   url={http://dx.doi.org/10.1103/PhysRevLett.117.080501},
   DOI={10.1103/physrevlett.117.080501},
   number={8},
   journal={Physical Review Letters},
   publisher={American Physical Society (APS)},
   author={Bremner, Michael J. and Montanaro, Ashley and Shepherd, Dan J.},
   year={2016},
   month={Aug}
}

@misc{boul2018quantum,
    title={Quantum Supremacy and the Complexity of Random Circuit Sampling},
    author={Adam Bouland and Bill Fefferman and Chinmay Nirkhe and Umesh Vazirani},
    year={2018},
    eprint={1803.04402},
    archivePrefix={arXiv},
    primaryClass={quant-ph}
}

@misc{aaronson2016complexitytheoretic,
    title={Complexity-Theoretic Foundations of Quantum Supremacy Experiments},
    author={Scott Aaronson and Lijie Chen},
    year={2016},
    eprint={1612.05903},
    archivePrefix={arXiv},
    primaryClass={quant-ph}
}

@article{Neill_2018,
   title={A blueprint for demonstrating quantum supremacy with superconducting qubits},
   volume={360},
   ISSN={1095-9203},
   url={http://dx.doi.org/10.1126/science.aao4309},
   DOI={10.1126/science.aao4309},
   number={6385},
   journal={Science},
   publisher={American Association for the Advancement of Science (AAAS)},
   author={Neill, C. and Roushan, P. and Kechedzhi, K. and Boixo, S. and Isakov, S. V. and Smelyanskiy, V. and Megrant, A. and Chiaro, B. and Dunsworth, A. and Arya, K. and et al.},
   year={2018},
   month={Apr},
   pages={195–199}
}

@misc{pednault2019leveraging,
    title={Leveraging Secondary Storage to Simulate Deep 54-qubit Sycamore Circuits},
    author={Edwin Pednault and John A. Gunnels and Giacomo Nannicini and Lior Horesh and Robert Wisnieff},
    year={2019},
    eprint={1910.09534},
    archivePrefix={arXiv},
    primaryClass={quant-ph}
}

@article{Carleo_2017,
   title={Solving the quantum many-body problem with artificial neural networks},
   volume={355},
   ISSN={1095-9203},
   url={http://dx.doi.org/10.1126/science.aag2302},
   DOI={10.1126/science.aag2302},
   number={6325},
   journal={Science},
   publisher={American Association for the Advancement of Science (AAAS)},
   author={Carleo, Giuseppe and Troyer, Matthias},
   year={2017},
   month={Feb},
   pages={602–606}
}

@misc{zhou2020limits,
    title={What limits the simulation of quantum computers?},
    author={Yiqing Zhou and E. Miles Stoudenmire and Xavier Waintal},
    year={2020},
    eprint={2002.07730},
    archivePrefix={arXiv},
    primaryClass={quant-ph}
}

@misc{fefferman2015power,
    title={The Power of Quantum Fourier Sampling},
    author={Bill Fefferman and Chris Umans},
    year={2015},
    eprint={1507.05592},
    archivePrefix={arXiv},
    primaryClass={cs.CC}
}

@article{Gao_2017,
   title={Efficient representation of quantum many-body states with deep neural networks},
   volume={8},
   ISSN={2041-1723},
   url={http://dx.doi.org/10.1038/s41467-017-00705-2},
   DOI={10.1038/s41467-017-00705-2},
   number={1},
   journal={Nature Communications},
   publisher={Springer Science and Business Media LLC},
   author={Gao, Xun and Duan, Lu-Ming},
   year={2017},
   month={Sep}
}

 @misc{ noctua2020,
   author = "PC2 Doc",
   title = "Noctua --- PC2 Doc{,} ",
   year = "2019",
   url = "https://wikis.uni-paderborn.de/pc2doc/index.php?title=Noctua&oldid=2387",
   note = "[Online; abgerufen am 2. März 2020]"
 }

 @article{netket:2019,
      author    = {Carleo, Giuseppe and Choo, Kenny and Hofmann, Damian and
         Smith, James E.~T. and Westerhout, Tom and Alet, Fabien and
         Davis, Emily J. and Efthymiou, Stavros and Glasser, Ivan and
         Lin, Sheng-Hsuan and Mauri, Marta and Mazzola, Guglielmo and
         Mendl, Christian B. and van Nieuwenburg, Evert and
         O'Reilly, Ossian and Th{\'e}veniaut, Hugo and Torlai, Giacomo and Vicentini, Filippo and
         Wietek, Alexander},
      title     = {NetKet: A Machine Learning Toolkit for Many-Body Quantum Systems},
      journal   = {SoftwareX},
      pages   = {100311},
      doi   = {10.1016/j.softx.2019.100311},
      url   = {http://www.sciencedirect.com/science/article/pii/S2352711019300974},
      year      = 2019
    }

@misc{cross2017open,
    title={Open Quantum Assembly Language},
    author={Andrew W. Cross and Lev S. Bishop and John A. Smolin and Jay M. Gambetta},
    year={2017},
    eprint={1707.03429},
    archivePrefix={arXiv},
    primaryClass={quant-ph}
}

https://arxiv.org/pdf/quant-ph/0511250.pdf


https://arxiv.org/abs/1804.04797