@article{Li17,
  author    = {Yuxi Li},
  title     = {Deep Reinforcement Learning: An Overview},
  journal   = {CoRR},
  volume    = {abs/1701.07274},
  year      = {2017},
  url       = {http://arxiv.org/abs/1701.07274},
  archivePrefix = {arXiv},
  eprint    = {1701.07274},
  timestamp = {Mon, 13 Aug 2018 16:48:40 +0200},
  biburl    = {https://dblp.org/rec/bib/journals/corr/Li17b},
  bibsource = {dblp computer science bibliography, https://dblp.org}
}